%YAML 1.1
%TAG !u! tag:unity3d.com,2011:
--- !u!1 &138204
GameObject:
  m_ObjectHideFlags: 0
  m_PrefabParentObject: {fileID: 0}
  m_PrefabInternal: {fileID: 100100000}
  serializedVersion: 4
  m_Component:
  - 4: {fileID: 488656}
  - 212: {fileID: 21234954}
  - 114: {fileID: 11498172}
  - 60: {fileID: 6060990}
  m_Layer: 9
  m_Name: Mineral
  m_TagString: Mineral
  m_Icon: {fileID: 0}
  m_NavMeshLayer: 0
  m_StaticEditorFlags: 0
  m_IsActive: 1
--- !u!4 &488656
Transform:
  m_ObjectHideFlags: 1
  m_PrefabParentObject: {fileID: 0}
  m_PrefabInternal: {fileID: 100100000}
  m_GameObject: {fileID: 138204}
  m_LocalRotation: {x: 0, y: 0, z: 0, w: 1}
  m_LocalPosition: {x: 0, y: 0, z: 0}
  m_LocalScale: {x: .600000024, y: .600000024, z: .200000003}
  m_Children: []
  m_Father: {fileID: 0}
  m_RootOrder: 0
--- !u!60 &6060990
PolygonCollider2D:
  m_ObjectHideFlags: 1
  m_PrefabParentObject: {fileID: 0}
  m_PrefabInternal: {fileID: 100100000}
  m_GameObject: {fileID: 138204}
  m_Enabled: 1
  m_Material: {fileID: 0}
  m_IsTrigger: 1
  m_UsedByEffector: 0
  m_Offset: {x: 0, y: 0}
  m_Points:
    m_Paths:
    - - {x: -.280000001, y: -.704999983}
      - {x: -.25, y: -.694999993}
      - {x: -.25, y: -.665000021}
      - {x: -.280000001, y: -.654999971}
      - {x: -.300000012, y: -.675000012}
    - - {x: -.25, y: -.675000012}
      - {x: -.239999995, y: -.704999983}
      - {x: -.150000006, y: -.704999983}
      - {x: -.129999995, y: -.685000002}
      - {x: -.140000001, y: -.654999971}
      - {x: -.230000004, y: -.654999971}
    - - {x: .150000006, y: -.675000012}
      - {x: .150000006, y: -.704999983}
      - {x: .270000011, y: -.704999983}
      - {x: .310000002, y: -.694999993}
      - {x: .319999993, y: -.665000021}
      - {x: .319999993, y: -.63499999}
      - {x: .219999999, y: -.63499999}
      - {x: .159999996, y: -.644999981}
    - - {x: -.349999994, y: -.675000012}
      - {x: -.330000013, y: -.694999993}
      - {x: -.300000012, y: -.685000002}
      - {x: -.300000012, y: -.654999971}
      - {x: -.319999993, y: -.63499999}
      - {x: -.349999994, y: -.644999981}
    - - {x: -.560000002, y: -.63499999}
      - {x: -.469999999, y: -.675000012}
      - {x: -.389999986, y: -.675000012}
      - {x: -.370000005, y: -.665000021}
      - {x: -.370000005, y: -.61500001}
      - {x: -.5, y: -.584999979}
      - {x: -.560000002, y: -.584999979}
      - {x: -.569999993, y: -.605000019}
    - - {x: .340000004, y: -.63499999}
      - {x: .349999994, y: -.665000021}
      - {x: .379999995, y: -.665000021}
      - {x: .400000006, y: -.644999981}
      - {x: .389999986, y: -.61500001}
      - {x: .360000014, y: -.61500001}
    - - {x: .409999996, y: -.625}
      - {x: .419999987, y: -.654999971}
      - {x: .449999988, y: -.654999971}
      - {x: .469999999, y: -.63499999}
      - {x: .460000008, y: -.605000019}
      - {x: .430000007, y: -.605000019}
    - - {x: .569999993, y: .495000005}
      - {x: .379999995, y: .654999971}
      - {x: -.479999989, y: .654999971}
      - {x: -.579999983, y: .564999998}
      - {x: -.660000026, y: .474999994}
      - {x: -.660000026, y: -.395000011}
      - {x: -.589999974, y: -.524999976}
      - {x: -.479999989, y: -.584999979}
      - {x: -.289999992, y: -.595000029}
      - {x: -.109999999, y: -.605000019}
      - {x: .200000003, y: -.605000019}
      - {x: .519999981, y: -.555000007}
      - {x: .560000002, y: -.375}
      - {x: .569999993, y: -.115000002}
    - - {x: -.579999983, y: -.584999979}
      - {x: -.550000012, y: -.574999988}
      - {x: -.550000012, y: -.545000017}
      - {x: -.579999983, y: -.535000026}
      - {x: -.600000024, y: -.555000007}
--- !u!114 &11498172
MonoBehaviour:
  m_ObjectHideFlags: 1
  m_PrefabParentObject: {fileID: 0}
  m_PrefabInternal: {fileID: 100100000}
  m_GameObject: {fileID: 138204}
  m_Enabled: 1
  m_EditorHideFlags: 0
  m_Script: {fileID: 11500000, guid: db7e7753c5a6e6c4893b861a11c07ed4, type: 3}
  m_Name: 
  m_EditorClassIdentifier: 
--- !u!212 &21234954
SpriteRenderer:
  m_ObjectHideFlags: 1
  m_PrefabParentObject: {fileID: 0}
  m_PrefabInternal: {fileID: 100100000}
  m_GameObject: {fileID: 138204}
  m_Enabled: 1
  m_CastShadows: 0
  m_ReceiveShadows: 0
  m_Materials:
  - {fileID: 10754, guid: 0000000000000000e000000000000000, type: 0}
  m_SubsetIndices: 
  m_StaticBatchRoot: {fileID: 0}
  m_UseLightProbes: 1
  m_ReflectionProbeUsage: 1
  m_ProbeAnchor: {fileID: 0}
  m_ScaleInLightmap: 1
  m_PreserveUVs: 0
  m_ImportantGI: 0
  m_AutoUVMaxDistance: .5
  m_AutoUVMaxAngle: 89
  m_LightmapParameters: {fileID: 0}
  m_SortingLayerID: 0
  m_SortingOrder: 10000
  m_Sprite: {fileID: 21300000, guid: 32cab5c6cfc253042802492797cc0652, type: 3}
  m_Color: {r: 1, g: 1, b: 1, a: 1}
--- !u!1001 &100100000
Prefab:
  m_ObjectHideFlags: 1
  serializedVersion: 2
  m_Modification:
    m_TransformParent: {fileID: 0}
    m_Modifications:
    - target: {fileID: 0}
      propertyPath: m_LocalPosition.x
      value: 0
      objectReference: {fileID: 0}
    - target: {fileID: 0}
      propertyPath: m_LocalPosition.y
      value: 0
      objectReference: {fileID: 0}
    - target: {fileID: 0}
      propertyPath: m_Size.x
      value: 1.28999996
      objectReference: {fileID: 0}
    - target: {fileID: 0}
      propertyPath: m_Size.y
      value: 1.23000002
      objectReference: {fileID: 0}
    - target: {fileID: 0}
      propertyPath: m_TagString
      value: Mineral
      objectReference: {fileID: 0}
    - target: {fileID: 0}
      propertyPath: m_Sprite
      value: 
      objectReference: {fileID: 21300000, guid: 32cab5c6cfc253042802492797cc0652,
        type: 3}
    - target: {fileID: 0}
      propertyPath: m_SortingOrder
      value: 10000
      objectReference: {fileID: 0}
    - target: {fileID: 0}
      propertyPath: m_LocalScale.x
      value: .600000024
      objectReference: {fileID: 0}
    - target: {fileID: 0}
      propertyPath: m_LocalScale.y
      value: .600000024
      objectReference: {fileID: 0}
    - target: {fileID: 0}
      propertyPath: m_LocalScale.z
      value: .200000003
      objectReference: {fileID: 0}
    - target: {fileID: 0}
      propertyPath: m_Layer
      value: 9
      objectReference: {fileID: 0}
    - target: {fileID: 0}
      propertyPath: m_IsTrigger
      value: 1
      objectReference: {fileID: 0}
    m_RemovedComponents: []
  m_ParentPrefab: {fileID: 0}
  m_RootGameObject: {fileID: 138204}
  m_IsPrefabParent: 1
